<?xml version="1.0" encoding="UTF-8"?><collection xmlns="http://www.loc.gov/MARC21/slim"><record><leader>00462nam--2200121-i-4500</leader><controlfield tag="001">000006420</controlfield><controlfield tag="002">20161230</controlfield><controlfield tag="005">20161230201026</controlfield><controlfield tag="008">060222s1000------------r-----000-0-eng-d</controlfield><datafield ind1=" " ind2=" " tag="100"><subfield code="a">Bailly H., Ringot C., Weisz M</subfield></datafield><datafield ind1=" " ind2=" " tag="245"><subfield code="a">Etude des crayons constituant l element combus tible du premier jeu du reacteur el 4.probleme de la gaine.conference.r.s.tchecislovaque,1-5 juiller, 1963</subfield></datafield><datafield ind1=" " ind2=" " tag="260"><subfield code="a">Paris, Commissariat A L Energie Atom., 1964. 32 P. + 22 Fig</subfield></datafield><datafield ind1=" " ind2=" " tag="852"><subfield code="a">8905</subfield></datafield></record></collection>